<?xml version='1.0' encoding='utf-8'?>
<record xmlns="http://www.loc.gov/MARC21/slim" xmlns:xsi="http://www.w3.org/2001/XMLSchema-instance">
  <leader>00000cam^a22003131i^4500</leader>
  <controlfield tag="001">003948338</controlfield>
  <controlfield tag="005">20040805163807.0</controlfield>
  <controlfield tag="008">971118s1980^^^^miua^^^^^bc^^^000^0^eng^d</controlfield>
  <datafield tag="010" ind1=" " ind2=" ">
    <subfield code="z">79065278</subfield>
  </datafield>
  <datafield tag="035" ind1=" " ind2=" ">
    <subfield code="a">(RLIN)MIUG18494790-B</subfield>
  </datafield>
  <datafield tag="035" ind1=" " ind2=" ">
    <subfield code="a">(CaOTULAS)159872469</subfield>
  </datafield>
  <datafield tag="035" ind1=" " ind2=" ">
    <subfield code="9">(UL)ACY1365</subfield>
  </datafield>
  <datafield tag="035" ind1=" " ind2=" ">
    <subfield code="a">(OCoLC)6366417</subfield>
  </datafield>
  <datafield tag="040" ind1=" " ind2=" ">
    <subfield code="a">MBMa</subfield>
    <subfield code="c">MBMu</subfield>
    <subfield code="d">ICA</subfield>
    <subfield code="d">CtY</subfield>
    <subfield code="d">MiU</subfield>
    <subfield code="d">MiU-H</subfield>
  </datafield>
  <datafield tag="043" ind1=" " ind2=" ">
    <subfield code="a">e-fr---</subfield>
  </datafield>
  <datafield tag="100" ind1="1" ind2=" ">
    <subfield code="a">Isaacson, Joel.</subfield>
  </datafield>
  <datafield tag="245" ind1="1" ind2="4">
    <subfield code="a">The crisis of Impressionism, 1878-1882 :</subfield>
    <subfield code="b">[exhibition] The University of Michigan Museum of Art, 2 November 1979-6 January 1980 /</subfield>
    <subfield code="c">by Joel Isaacson; with the collaboration of Jean-Paul Bouillon ... [et al.].</subfield>
  </datafield>
  <datafield tag="260" ind1=" " ind2=" ">
    <subfield code="a">[Ann Arbor, Mich.] :</subfield>
    <subfield code="b">The University of Michigan Museum of Art,</subfield>
    <subfield code="c">c1980.</subfield>
  </datafield>
  <datafield tag="300" ind1=" " ind2=" ">
    <subfield code="a">xv, 220 p. :</subfield>
    <subfield code="b">ill. (some col.) ;</subfield>
    <subfield code="c">23 x 26 cm</subfield>
  </datafield>
  <datafield tag="500" ind1=" " ind2=" ">
    <subfield code="a">"Catalogues of the Impressionist exhibitions, 1879-1882": p. 207-220.</subfield>
  </datafield>
  <datafield tag="504" ind1=" " ind2=" ">
    <subfield code="a">Includes bibliographical references.</subfield>
  </datafield>
  <datafield tag="580" ind1=" " ind2=" ">
    <subfield code="a">Forms part of the University of Michigan. Museum of Art. Publications, 1946-&lt;ongoing&gt;.</subfield>
  </datafield>
  <datafield tag="650" ind1=" " ind2="0">
    <subfield code="a">Impressionism (Art)</subfield>
    <subfield code="v">Exhibitions.</subfield>
  </datafield>
  <datafield tag="650" ind1=" " ind2="0">
    <subfield code="a">Impressionism (Art)</subfield>
    <subfield code="z">France</subfield>
    <subfield code="v">Exhibitions.</subfield>
  </datafield>
  <datafield tag="700" ind1="1" ind2=" ">
    <subfield code="a">Bouillon, Jean Paul.</subfield>
  </datafield>
  <datafield tag="710" ind1="2" ind2=" ">
    <subfield code="a">University of Michigan.</subfield>
    <subfield code="b">Museum of Art.</subfield>
  </datafield>
  <datafield tag="773" ind1="1" ind2=" ">
    <subfield code="a">University of Michigan</subfield>
    <subfield code="t">Museum of Art (University of Michigan) publications</subfield>
    <subfield code="w">3948255</subfield>
  </datafield>
  <datafield tag="852" ind1="8" ind2=" ">
    <subfield code="a">MiU-H</subfield>
    <subfield code="b">BENT</subfield>
    <subfield code="h">9788 Bimu C450 2</subfield>
  </datafield>
  <datafield tag="997" ind1=" " ind2=" ">
    <subfield code="a">MARS</subfield>
  </datafield>
  <datafield tag="998" ind1=" " ind2=" ">
    <subfield code="c">MT</subfield>
    <subfield code="s">9614</subfield>
  </datafield>
  <datafield tag="LKR" ind1=" " ind2=" ">
    <subfield code="a">UP</subfield>
    <subfield code="b">003948255</subfield>
    <subfield code="l">MIU01</subfield>
    <subfield code="r">773</subfield>
    <subfield code="m">The crisis of Impressionism, 1878-1882 : [exhibition] The University of Michigan Museum of Art, 2 November 1979-6 January 1980 /</subfield>
    <subfield code="n">[Museum of Art (University of Michigan) publications].</subfield>
  </datafield>
  <datafield tag="955" ind1=" " ind2=" ">
    <subfield code="b">BENT</subfield>
    <subfield code="p">B1689264</subfield>
  </datafield>
</record>
